@article{COSI6_2015,
  Author = {C. Coquelet-PAscal and M. Tiphine and G. Krivtchik and D. Freynet and C. Cany and R. Eschbach and C. Chabert},
  Date-Added = {2015-11-20 13:08:55 +0000},
  Date-Modified = {2015-11-20 13:08:55 +0000},
  Journal = {Nuclear Technology},
  Keywords = {nuclear tran- sition scenario studies with COSI, SFR deployment, minor actinide transmutation},
  Month = {November},
  Number = {2},
  Pages = {91-110},
  Title = {COSI6: a tool for nuclear transition scenario studies and application to SFR deployment scenarios with minor actinides transmutation},
  Volume = {192},
  Year = {2015},
  }

@article{VanDenDurpel2015,
  title={{D}ynamic {A}nalysis of {N}uclear {E}nergy {S}ystem {S}trategies: DANESS v7},
  author={Van Den Durpel, Luc},
  journal={Global2015, September},
  pages={20-24},
  year={2015}
}

@article{Huff2016,
title = "Fundamental concepts in the {Cyclus} nuclear fuel cycle simulation framework ",
journal = "Advances in Engineering Software ",
volume = "94",
number = "",
pages = "46 - 59",
year = "2016",
note = "",
issn = "0965-9978",
author = "Kathryn D. Huff and Matthew J. Gidden and Robert W. Carlsen and Robert R. Flanagan and Meghan B. McGarry and Arrielle C. Opotowsky and Erich A. Schneider and Anthony M. Scopatz and Paul P.H. Wilson"
}



@techreport{NEA2016,
Address = {Nuclear Energy Agency of the OECD (NEA)},
Author = {McCarthy, Kathryn A. and Dixon, B. and Choi, Yong-Joon and Boucher, L. and Ono, Kiyoshi and Alvarez-Velarde, Francisco and Gonzalez, Enrique Miguel and Hyland, B.},
Date-Added = {2019-06-21 17:04:29 +0200},
Date-Modified = {2019-06-21 17:04:29 +0200},
Pages = {108},
Title = {Benchmark Study on Nuclear Fuel Cycle Transition Scenarios - Analysis Codes},
Ty = {RPRT},
Institution = {N.E.A.},
Url = {http://inis.iaea.org/search/search.aspx?orig_q=RN:44089401},
Year = {2012},
}
